<?xml version="1.0" encoding="UTF-8"?><collection xmlns="http://www.loc.gov/MARC21/slim"><record><leader>00325nam--2200121-i-4500</leader><controlfield tag="001">000007624</controlfield><controlfield tag="002">20161230</controlfield><controlfield tag="005">20161230201027</controlfield><controlfield tag="008">060222s1000------------r-----000-0-eng-d</controlfield><datafield ind1=" " ind2=" " tag="100"><subfield code="a">Chow, Y. Et Cassignol, E</subfield></datafield><datafield ind1=" " ind2=" " tag="245"><subfield code="a">Theorie et applications des graphes de transfe rt</subfield></datafield><datafield ind1=" " ind2=" " tag="260"><subfield code="a">Paris, Dunod, 1965. Ix + 158 P</subfield></datafield><datafield ind1=" " ind2=" " tag="852"><subfield code="a">23950</subfield></datafield></record></collection>